@Manual{R-base,
  title = {R: A Language and Environment for Statistical Computing},
  author = {{R Core Team}},
  organization = {R Foundation for Statistical Computing},
  address = {Vienna, Austria},
  year = {2020},
  url = {https://www.R-project.org/},
}
@Manual{Stan,
  title = {Stan Modeling Language Users Guide and Reference Manual, v2.26},
  author = {{Stan Development Team}},
  year = {2021},
  url = {https://mc-stan.org},
}

@article{homan_no-u-turn_2014,
	title = {The {No}-{U}-turn sampler: adaptively setting path lengths in {Hamiltonian} {Monte} {Carlo}},
	volume = {15},
	issn = {1532-4435},
	shorttitle = {The {No}-{U}-turn sampler},
	journal = {The Journal of Machine Learning Research},
	author = {{Homan, Matthew D. and Gelman, Andrew}},
	month = Jan,
	year = {2014},
	url = {https://dl.acm.org/doi/10.5555/2627435.2638586},
}

@Manual{exact-sparse-car,
  title = {{Exact Sparse CAR Models in Stan}},
  author = {Maxwell Joseph},
  volume = {3},
  journal = {Stan Case Studies},
  year = {2016},
}

@article{morris_bayesian_2019,
	title = {Bayesian hierarchical spatial models: {Implementing} the {Besag} {York} {Mollié} model in stan},
	volume = {31},
	issn = {1877-5845},
	shorttitle = {Bayesian hierarchical spatial models},
	url = {http://www.sciencedirect.com/science/article/pii/S1877584518301175},
	doi = {10.1016/j.sste.2019.100301},
	urldate = {2020-09-23},
	journal = {Spatial and Spatio-temporal Epidemiology},
	author = {{Morris, Mitzi and Wheeler-Martin, Katherine and Simpson, Dan and Mooney, Stephen J. and Gelman, Andrew and DiMaggio, Charles}},
	shortauthor = {{Morris et al.}},
	month = nov,
	year = {2019},
}

@article{lee_bayesian_2014,
	title = {A {Bayesian} localized conditional autoregressive model for estimating the health effects of air pollution},
	volume = {70},
	issn = {1541-0420},
	url = {https://onlinelibrary.wiley.com/doi/abs/10.1111/biom.12156},
	doi = {10.1111/biom.12156},
	language = {en},
	number = {2},
	urldate = {2020-09-23},
	journal = {Biometrics},
	author = {Lee, Duncan and Rushworth, Alastair and Sahu, Sujit K.},
	year = {2014},
	pages = {419--429},
}

@article{wakefield_disease_2007,
	title = {Disease mapping and spatial regression with count data},
	volume = {8},
	issn = {1465-4644},
	url = {https://doi.org/10.1093/biostatistics/kxl008},
	doi = {10.1093/biostatistics/kxl008},
	number = {2},
	urldate = {2021-03-16},
	journal = {Biostatistics},
	author = {Wakefield, Jon},
	month = apr,
	year = {2007},
	pages = {158--183},
}

@Manual{rhat,
  title = {Convergence and efficiency diagnostics for Markov Chains, rstan 2.12.2 Documentation},
  author = {{Stan Development Team}},
  date = {2020},
  url = {https://mc-stan.org/rstan/reference/Rhat.html},
}

@article{vehtari_rank-normalization_2020,
	title = {Rank-normalization, folding, and localization: {An} improved \${\textbackslash}widehat\{{R}\}\$ for assessing convergence of {MCMC}},
	issn = {1936-0975},
	url = {http://arxiv.org/abs/1903.08008},
	doi = {10.1214/20-BA1221},
	urldate = {2021-03-16},
	journal = {Bayesian Analysis},
	author = {Vehtari, Aki and Gelman, Andrew and Simpson, Daniel and Carpenter, Bob and Bürkner, Paul-Christian},
	month = jul,
	year = {2020},
	note = {arXiv: 1903.08008},
}

